@misc{
  unity,
  title = {{Unity}},
  howpublished = {http://unity3d.com},
  note = {Accessed: 01-04-2015}
}

@misc{
  unreal,
  title = {{Unreal Engine}},
  howpublished = {https://www.unrealengine.com},
  note = {Accessed: 01-04-2015}
}